<?xml version="1.0" encoding="UTF-8"?><collection xmlns="http://www.loc.gov/MARC21/slim"><record><leader>00472nam--2200133-i-4500</leader><controlfield tag="001">000044081</controlfield><controlfield tag="002">20161230</controlfield><controlfield tag="005">20161230201044</controlfield><controlfield tag="008">060222s1000------------r-----000-0-eng-d</controlfield><datafield ind1=" " ind2=" " tag="080"><subfield code="a">621.384.6</subfield></datafield><datafield ind1=" " ind2=" " tag="100"><subfield code="a">Teodorescu, Ioan E</subfield></datafield><datafield ind1=" " ind2=" " tag="245"><subfield code="a">Acceleratoare de particule incarcate. rezumatul tezei de doctorat pentru obtinerea titluluide doctor inginer in specialitatea electronica aplicata</subfield></datafield><datafield ind1=" " ind2=" " tag="260"><subfield code="a">Bucuresti, Institutul Politehnic Gh.Gheorghiu Dej, 1968, 37p</subfield></datafield><datafield ind1=" " ind2=" " tag="852"><subfield code="a">30442</subfield></datafield></record></collection>